<marc:collection xmlns:marc="http://www.loc.gov/MARC21/slim" xmlns:xsi="http://www.w3.org/2001/XMLSchema-instance" xsi:schemaLocation="http://www.loc.gov/MARC21/slim http://www.loc.gov/standards/marcxml/schema/MARC21slim.xsd">
    <marc:record type="Bibliographic">
        <marc:leader>02251cem a2200445Ia 4500</marc:leader>
        <marc:controlfield tag="001">7816252</marc:controlfield>
        <marc:controlfield tag="005">20140127081303.0</marc:controlfield>
        <marc:controlfield tag="007">aj aanzn</marc:controlfield>
        <marc:controlfield tag="008">041221s1847    dcubde    a  f  0   eng d</marc:controlfield>
        <marc:datafield tag="040" ind1=" " ind2=" ">
            <marc:subfield code="a">NjP</marc:subfield>
            <marc:subfield code="c">NjP</marc:subfield>
        </marc:datafield>
        <marc:datafield tag="034" ind1="1" ind2=" ">
            <marc:subfield code="a">a</marc:subfield>
            <marc:subfield code="b">20000</marc:subfield>
        </marc:datafield>
        <marc:datafield tag="043" ind1=" " ind2=" ">
            <marc:subfield code="a">n-us-ma</marc:subfield>
        </marc:datafield>
        <marc:datafield tag="110" ind1="2" ind2=" ">
            <marc:subfield code="a">United States Coast Survey.</marc:subfield>
        </marc:datafield>
        <marc:datafield tag="245" ind1="1" ind2="4">
            <marc:subfield code="a">The harbor of Holmes' Hole ;</marc:subfield>
            <marc:subfield code="b">The harbor of Tarpaulin Cove</marc:subfield>
            <marc:subfield code="h">[map] /</marc:subfield>
            <marc:subfield code="c">founded upon a trigonometrical survey under the direction of A.D. Bache, superintendent of the Survey of the Coast of the United States ; triangulation by C.M. Eakin, assistant ; topography by H.L. Whiting, assistant ; hydrography by the party under the command of G.S. Blake, Lieutenant U.S. Navy.</marc:subfield>
        </marc:datafield>
        <marc:datafield tag="246" ind1="3" ind2="0">
            <marc:subfield code="a">Harbor of Tarpaulin Cove</marc:subfield>
        </marc:datafield>
        <marc:datafield tag="255" ind1=" " ind2=" ">
            <marc:subfield code="a">Scale 1:20,000.</marc:subfield>
        </marc:datafield>
        <marc:datafield tag="260" ind1=" " ind2=" ">
            <marc:subfield code="a">[Washington, D.C.] :</marc:subfield>
            <marc:subfield code="b">U.S. Coast Survey Depot,</marc:subfield>
            <marc:subfield code="c">Published in 1847.</marc:subfield>
        </marc:datafield>
        <marc:datafield tag="300" ind1=" " ind2=" ">
            <marc:subfield code="a">2 maps on 1 sheet ;</marc:subfield>
            <marc:subfield code="c">24 x 34 cm. and 18 x 34 cm., sheet 61 x 51 cm.</marc:subfield>
        </marc:datafield>
        <marc:datafield tag="500" ind1=" " ind2=" ">
            <marc:subfield code="a">Relief shown by hachures. Depths shown by soundings and shading.</marc:subfield>
        </marc:datafield>
        <marc:datafield tag="500" ind1=" " ind2=" ">
            <marc:subfield code="a">At the head of each title: Harbor of refuge no.</marc:subfield>
        </marc:datafield>
        <marc:datafield tag="500" ind1=" " ind2=" ">
            <marc:subfield code="a">In lower right margin: Engraved by Sherman &amp; Smith, N.Y.</marc:subfield>
        </marc:datafield>
        <marc:datafield tag="500" ind1=" " ind2=" ">
            <marc:subfield code="a">In lower left margin: Final reduction for engraving by M.I. McClery, draughtsman.</marc:subfield>
        </marc:datafield>
        <marc:datafield tag="500" ind1=" " ind2=" ">
            <marc:subfield code="a">Differs from other 1847 eds. in that it does not have printer's name in lower right margin or text in upper center margin.</marc:subfield>
        </marc:datafield>
        <marc:datafield tag="500" ind1=" " ind2=" ">
            <marc:subfield code="a">Includes sailing information and tidal notes.</marc:subfield>
        </marc:datafield>
        <marc:datafield tag="500" ind1=" " ind2=" ">
            <marc:subfield code="a">In upper left margin: Harbor map no.</marc:subfield>
        </marc:datafield>
        <marc:datafield tag="651" ind1=" " ind2="0">
            <marc:subfield code="a">Tarpaulin Cove (Mass.)</marc:subfield>
            <marc:subfield code="v">Maps.</marc:subfield>
        </marc:datafield>
        <marc:datafield tag="651" ind1=" " ind2="0">
            <marc:subfield code="a">Vineyard Haven (Mass.)</marc:subfield>
            <marc:subfield code="v">Maps.</marc:subfield>
        </marc:datafield>
        <marc:datafield tag="655" ind1=" " ind2="7">
            <marc:subfield code="a">Maps</marc:subfield>
            <marc:subfield code="z">Massachusetts</marc:subfield>
            <marc:subfield code="z">Tarpaulin Cove</marc:subfield>
            <marc:subfield code="y">1847.</marc:subfield>
            <marc:subfield code="2">aat</marc:subfield>
        </marc:datafield>
        <marc:datafield tag="655" ind1=" " ind2="7">
            <marc:subfield code="a">Maps</marc:subfield>
            <marc:subfield code="z">Massachusetts</marc:subfield>
            <marc:subfield code="z">Vineyard Haven</marc:subfield>
            <marc:subfield code="y">1847.</marc:subfield>
            <marc:subfield code="2">aat</marc:subfield>
        </marc:datafield>
        <marc:datafield tag="655" ind1=" " ind2="7">
            <marc:subfield code="a">Nautical charts</marc:subfield>
            <marc:subfield code="z">Massachusetts</marc:subfield>
            <marc:subfield code="z">Tarpaulin Cove</marc:subfield>
            <marc:subfield code="y">1847.</marc:subfield>
            <marc:subfield code="2">aat</marc:subfield>
        </marc:datafield>
        <marc:datafield tag="655" ind1=" " ind2="7">
            <marc:subfield code="a">Nautical charts</marc:subfield>
            <marc:subfield code="z">Massachusetts</marc:subfield>
            <marc:subfield code="z">Vineyard Haven</marc:subfield>
            <marc:subfield code="y">1847.</marc:subfield>
            <marc:subfield code="2">aat</marc:subfield>
        </marc:datafield>
        <marc:datafield tag="700" ind1="1" ind2=" ">
            <marc:subfield code="a">Bache, A. D.</marc:subfield>
            <marc:subfield code="q">(Alexander Dallas),</marc:subfield>
            <marc:subfield code="d">1806-1867.</marc:subfield>
        </marc:datafield>
        <marc:datafield tag="700" ind1="1" ind2=" ">
            <marc:subfield code="a">Eakin, C. M.</marc:subfield>
            <marc:subfield code="q">(Constant M.)</marc:subfield>
        </marc:datafield>
        <marc:datafield tag="700" ind1="1" ind2=" ">
            <marc:subfield code="a">Whiting, Henry L.</marc:subfield>
        </marc:datafield>
        <marc:datafield tag="700" ind1="1" ind2=" ">
            <marc:subfield code="a">Blake, George S.</marc:subfield>
            <marc:subfield code="q">(George Smith),</marc:subfield>
            <marc:subfield code="d">1803-1871.</marc:subfield>
        </marc:datafield>
        <marc:datafield tag="700" ind1="1" ind2=" ">
            <marc:subfield code="a">McClery, M. I.</marc:subfield>
        </marc:datafield>
        <marc:datafield tag="710" ind1="2" ind2=" ">
            <marc:subfield code="a">Sherman &amp; Smith.</marc:subfield>
        </marc:datafield>
        <marc:datafield tag="856" ind1="4" ind2="1">
            <marc:subfield code="z">See the map</marc:subfield>
            <marc:subfield code="u">http://gisserver.princeton.edu/map/28308</marc:subfield>
        </marc:datafield>
        <marc:datafield tag="904" ind1=" " ind2=" ">
            <marc:subfield code="a">gls</marc:subfield>
            <marc:subfield code="b">g</marc:subfield>
            <marc:subfield code="h">n</marc:subfield>
            <marc:subfield code="c">p</marc:subfield>
            <marc:subfield code="e">20131021</marc:subfield>
        </marc:datafield>
        <marc:datafield tag="902" ind1=" " ind2=" ">
            <marc:subfield code="a">gls</marc:subfield>
            <marc:subfield code="b">o</marc:subfield>
            <marc:subfield code="6">e</marc:subfield>
            <marc:subfield code="7">m</marc:subfield>
            <marc:subfield code="d">v</marc:subfield>
            <marc:subfield code="f">1</marc:subfield>
            <marc:subfield code="e">20131021</marc:subfield>
        </marc:datafield>
    </marc:record>
    <marc:record type="Holdings">
        <marc:leader>00172nx  a22000851  4500</marc:leader>
        <marc:controlfield tag="001">7607078</marc:controlfield>
        <marc:controlfield tag="004">7816252</marc:controlfield>
        <marc:controlfield tag="005">20131021121335.0</marc:controlfield>
        <marc:controlfield tag="008">1310214u    8   1001uu   0901128</marc:controlfield>
        <marc:datafield tag="852" ind1="0" ind2=" ">
            <marc:subfield code="b">map</marc:subfield>
            <marc:subfield code="h">HMC01.7043</marc:subfield>
        </marc:datafield>
    </marc:record>
</marc:collection>
